
@Article{Evans:2008zzb,
      author         = "Evans, Lyndon and Bryant, Philip",
      title          = "{LHC Machine}",
      journal        = "JINST",
      volume         = "3",
      pages          = "S08001",
      doi            = "10.1088/1748-0221/3/08/S08001",
      year           = "2008",
}

@Article{PERF-2007-01,
    author         = "{ATLAS Collaboration}",
    title          = "{The ATLAS Experiment at the CERN Large Hadron Collider}",
    journal        = "JINST",
    volume         = "3",
    year           = "2008",
    pages          = "S08003",
    doi            = "10.1088/1748-0221/3/08/S08003",
    primaryClass   = "hep-ex",
}

@Article{HIGG-2018-50,
    author         = "{ATLAS Collaboration}",
    title          = "{Measurement of $VH$, $H\to b\bar{b}$ production as a function of the vector-boson transverse momentum in 13~TeV $pp$ collisions with the ATLAS detector}",
    year           = "2019",
    reportNumber   = "CERN-EP-2019-019",
    eprint         = "1903.04618",
    archivePrefix  = "arXiv",
    primaryClass   = "hep-ex",
}

@Article{HIGG-2017-14,
    author         = "{ATLAS Collaboration}",
    title          = "{Measurement of the production cross section for a Higgs boson in association with a vector boson in the $H \rightarrow WW^{*} \rightarrow \ell\nu\ell\nu$ channel in $pp$ collisions at $\sqrt{s} = 13$~TeV with the ATLAS detector}",
    year           = "2019",
    reportNumber   = "CERN-EP-2019-038",
    eprint         = "1903.10052",
    archivePrefix  = "arXiv",
    primaryClass   = "hep-ex",
}

@Booklet{ATLAS-CONF-2019-004,
    author         = "{ATLAS Collaboration}",
    title          = "{Measurement of Higgs boson production in association with a $t\bar{t}$ pair in the diphoton decay channel using 139~fb$^{-1}$ of LHC data collected at $\sqrt{s} = 13$~TeV by the ATLAS experiment}",
    howpublished   = "{ATLAS-CONF-2019-004}",
    url            = "https://cds.cern.ch/record/2668103",
    year           = "2019",
}

@Article{HIGG-2018-04,
    author         = "{ATLAS Collaboration}",
    title          = "{Observation of $H \rightarrow b\bar{b}$ decays and $VH$ production with the ATLAS detector}",
    journal        = "Phys. Lett. B",
    volume         = "786",
    year           = "2018",
    pages          = "59",
    doi            = "10.1016/j.physletb.2018.09.013",
    reportNumber   = "CERN-EP-2018-215",
    eprint         = "1808.08238",
    archivePrefix  = "arXiv",
    primaryClass   = "hep-ex",
}

@article{deFlorian:2016spz,
      author         = "de Florian, D. and others",
      title          = "{Handbook of LHC Higgs Cross Sections: 4. Deciphering the
                        Nature of the Higgs Sector}",
      collaboration  = "LHC Higgs Cross Section Working Group",
      doi            = "10.23731/CYRM-2017-002",
      year           = "2016",
      eprint         = "1610.07922",
      archivePrefix  = "arXiv",
      primaryClass   = "hep-ph",
      reportNumber   = "FERMILAB-FN-1025-T, CERN-2017-002-M",
      SLACcitation   = "%%CITATION = ARXIV:1610.07922;%%"
}

@inproceedings{Badger:2016bpw,
      author         = "Andersen, J. R. and others",
      title          = "{Les Houches 2015: Physics at TeV Colliders Standard
                        Model Working Group Report}",
      booktitle      = "{9th Les Houches Workshop on Physics at TeV Colliders
                        (PhysTeV 2015) Les Houches, France, June 1-19, 2015}",
      url            = "http://lss.fnal.gov/archive/2016/conf/fermilab-conf-16-175-ppd-t.pdf",
      year           = "2016",
      eprint         = "1605.04692",
      archivePrefix  = "arXiv",
      primaryClass   = "hep-ph",
      reportNumber   = "FERMILAB-CONF-16-175-PPD-T",
      SLACcitation   = "%%CITATION = ARXIV:1605.04692;%%"
}
